@inproceedings{schafer2014bringing,
  title        = {Bringing up OpenSky: A large-scale ADS-B sensor network for research},
  author       = {Sch{\"a}fer, Matthias and Strohmeier, Martin and Lenders, Vincent and Martinovic, Ivan and Wilhelm, Matthias},
  booktitle    = {IPSN-14 Proceedings of the 13th International Symposium on Information Processing in Sensor Networks},
  pages        = {83--94},
  year         = {2014},
  organization = {IEEE}
}

@article{olive2019traffic,
  title   = {Traffic, a toolbox for processing and analysing air traffic data},
  author  = {Olive, Xavier},
  journal = {Journal of Open Source Software},
  doi     = {10.21105/joss.01518},
  volume  = {4},
  number  = {39},
  pages   = {1518--1},
  year    = {2019}
}
